00581cas a22002291a 4500
001 999309223502836
003 Nz
005 20161223153107.0
008 040109d1987uuuunz  r ne      0   0 eng d
035    $a (NLNZils)930922
035    $a (Nz)8176407
035    $a (NLNZils)930922-ilsdb
035    $a (OCoLC)173422312
040    $a WN $c WN
042    $a nznb
043    $a u-nz---
245 00 $a Northeast link.
260    $a [Hamilton, N.Z. : $b s.n., $c 1987-?]
310    $a Monthly?
362 0  $a 1987 Dec.-?
651  0 $a Hamilton (N.Z.) $v Newspapers.
655  7 $a New Zealand newspapers. $2 local $5 Nz
